<?xml version='1.0' encoding='UTF-8'?>
<record xmlns="http://www.loc.gov/MARC21/slim">
  <leader>02114cam a2200433 a 4500</leader>
  <controlfield tag="001">1165940</controlfield>
  <controlfield tag="003">NjP</controlfield>
  <controlfield tag="005">20170605130802.0</controlfield>
  <controlfield tag="008">970814m19809999ir            000 0 ara d</controlfield>
  <datafield tag="024" ind1="7" ind2=" ">
    <subfield code="a">princeton_aco003280</subfield>
    <subfield code="2">local</subfield>
  </datafield>
  <datafield ind1=" " ind2=" " tag="035">
    <subfield code="a">(OCoLC)ocn176776597</subfield>
  </datafield>
  <datafield ind1=" " ind2=" " tag="035">
    <subfield code="a">(OCoLC)37582001</subfield>
  </datafield>
  <datafield ind1=" " ind2=" " tag="040">
    <subfield code="a">NjP</subfield>
    <subfield code="c">PUL</subfield>
    <subfield code="d">PUL</subfield>
  </datafield>
  <datafield ind1=" " ind2=" " tag="035">
    <subfield code="a">(OCoLC)176776597</subfield>
  </datafield>
  <datafield ind1=" " ind2=" " tag="035">
    <subfield code="a">(CStRLIN)NJPG97-B46207</subfield>
  </datafield>
  <datafield ind1=" " ind2=" " tag="035">
    <subfield code="9">CCR7205TS</subfield>
  </datafield>
  <datafield ind1=" " ind2=" " tag="035">
    <subfield code="a">(NjP)1165940</subfield>
  </datafield>
  <datafield ind1=" " ind2=" " tag="079">
    <subfield code="a">ocm37582001</subfield>
  </datafield>
  <datafield ind1=" " ind2=" " tag="049">
    <subfield code="a">PULL</subfield>
  </datafield>
  <datafield ind1="1" ind2=" " tag="100">
    <subfield code="6">880-01</subfield>
    <subfield code="a">Burūjirdī, Ḥusayn al-Ṭabāṭabāʼī,</subfield>
    <subfield code="d">1875-1961.</subfield>
    <subfield code="0">http://id.loc.gov/authorities/names/n87828422</subfield>
  </datafield>
  <datafield ind1="1" ind2="0" tag="240">
    <subfield code="6">880-02</subfield>
    <subfield code="a">Jāmiʻ aḥādīth al-Shīʻah</subfield>
  </datafield>
  <datafield ind1="1" ind2="3" tag="245">
    <subfield code="6">880-03</subfield>
    <subfield code="a">al-Mujallad al-awwal min kitāb Jāmiʻ aḥādīth al-Shīʻah /</subfield>
    <subfield code="c">alladhī ullifa taḥta ishrāf Ḥusayn al-Ṭabāṭabāʼī al-Burūjirdī.</subfield>
  </datafield>
  <datafield ind1="3" ind2=" " tag="246">
    <subfield code="6">880-04</subfield>
    <subfield code="a">Jāmiʻ aḥādīth al-Shīʻah</subfield>
  </datafield>
  <datafield ind1=" " ind2=" " tag="250">
    <subfield code="6">880-05</subfield>
    <subfield code="a">al-Ṭabʻah 2.</subfield>
  </datafield>
  <datafield ind1=" " ind2=" " tag="260">
    <subfield code="6">880-06</subfield>
    <subfield code="a">[Qum] :</subfield>
    <subfield code="b">Ḥ. al-Ṭabāṭabāʼī al-Burūjirdī,</subfield>
    <subfield code="c">[198-]-</subfield>
    <subfield code="e">(Qum :</subfield>
    <subfield code="f">al-Maṭbaʻah al-ʼIlmīyah)</subfield>
  </datafield>
  <datafield ind1=" " ind2=" " tag="300">
    <subfield code="a">v. ;</subfield>
    <subfield code="c">25 cm.</subfield>
  </datafield>
  <datafield ind1="1" ind2=" " tag="505">
    <subfield code="6">880-07</subfield>
    <subfield code="a">Mujallad 8. Kitāb al-zakwah wa-al-ṣadaqāt wa-al-khums wa-al-infiʻāl.</subfield>
  </datafield>
  <datafield ind1=" " ind2="0" tag="650">
    <subfield code="a">Hadith (Shiites)</subfield>
  </datafield>
  <datafield ind1=" " ind2="0" tag="650">
    <subfield code="a">Islamic law</subfield>
    <subfield code="x">Sources.</subfield>
    <subfield code="0">http://id.loc.gov/authorities/subjects/sh85068457</subfield>
  </datafield>
  <datafield ind1="1" ind2=" " tag="880">
    <subfield code="6">100-01/r</subfield>
    <subfield code="a">بروجردي، حسين الطباطبائي،</subfield>
    <subfield code="d">1875-1961.</subfield>
  </datafield>
  <datafield ind1="1" ind2="0" tag="880">
    <subfield code="6">240-02/r</subfield>
    <subfield code="a">جامع احاديث الشيعة</subfield>
  </datafield>
  <datafield ind1="1" ind2="2" tag="880">
    <subfield code="6">245-03/r</subfield>
    <subfield code="a">المجلد الاول من كتاب جامع احاديث الشيعة /</subfield>
    <subfield code="c">الذي الف تحت اشراف حسين الطباطبائي البروجردي.</subfield>
  </datafield>
  <datafield ind1="3" ind2=" " tag="880">
    <subfield code="6">246-04/r</subfield>
    <subfield code="a">جامع احاديث الشيعة</subfield>
  </datafield>
  <datafield ind1=" " ind2=" " tag="880">
    <subfield code="6">250-05/r</subfield>
    <subfield code="a">الطبعة 2.</subfield>
  </datafield>
  <datafield ind1=" " ind2=" " tag="880">
    <subfield code="6">260-06/r</subfield>
    <subfield code="a">[قم] :</subfield>
    <subfield code="b">ح. الطباطبائي البروجردي،</subfield>
    <subfield code="c">[198-]</subfield>
    <subfield code="e">(قم :</subfield>
    <subfield code="f">المطبعة العالمية)</subfield>
  </datafield>
  <datafield ind1="1" ind2=" " tag="880">
    <subfield code="6">505-07/r</subfield>
    <subfield code="a">مجلد 8. كتاب الزكوة والصدقات والخمس والانفعال.</subfield>
  </datafield>
  <datafield ind1=" " ind2=" " tag="998">
    <subfield code="a">08/14/97</subfield>
    <subfield code="s">9114</subfield>
    <subfield code="n">NjP</subfield>
    <subfield code="d">08/14/97</subfield>
    <subfield code="c">KC</subfield>
    <subfield code="b">KC</subfield>
    <subfield code="i">970814</subfield>
    <subfield code="l">NJPG</subfield>
  </datafield>
  <datafield ind1=" " ind2=" " tag="911">
    <subfield code="a">19970821</subfield>
  </datafield>
  <datafield ind1=" " ind2=" " tag="912">
    <subfield code="a">19970814000000.0</subfield>
  </datafield>
  <datafield ind1=" " ind2=" " tag="994">
    <subfield code="a">C0</subfield>
    <subfield code="b">PUL</subfield>
  </datafield>
  <datafield ind1=" " ind2=" " tag="999">
    <subfield code="a">1165940</subfield>
  </datafield>
  <datafield ind1="0" ind2="1" tag="852">
    <subfield code="0">1334842</subfield>
    <subfield code="b">rcppa</subfield>
    <subfield code="t">1</subfield>
    <subfield code="h">BP193.25.B87</subfield>
    <subfield code="i">J3 1980z</subfield>
    <subfield code="x">tr fr arab</subfield>
  </datafield>
  <datafield ind1=" " ind2="0" tag="866">
    <subfield code="0">1334842</subfield>
    <subfield code="8">0</subfield>
    <subfield code="a">al-Mujallad 8</subfield>
  </datafield>
  <datafield ind1=" " ind2="0" tag="866">
    <subfield code="0">1334842</subfield>
    <subfield code="8">0</subfield>
    <subfield code="x">DESIGNATOR: al-Mujallad</subfield>
  </datafield>
  <datafield ind1=" " ind2=" " tag="959">
    <subfield code="a">2000-06-13 00:00:00 -0400</subfield>
  </datafield>
</record>
